<?xml version="1.0" encoding="UTF-8"?><collection xmlns="http://www.loc.gov/MARC21/slim"><record><leader>00660nam--2200181-i-4500</leader><controlfield tag="001">000001474</controlfield><controlfield tag="002">20161230</controlfield><controlfield tag="005">20161230201024</controlfield><controlfield tag="008">060222s1000------------r-----000-0-fre-d</controlfield><datafield ind1=" " ind2=" " tag="040"><subfield code="a">IFIN-HH</subfield></datafield><datafield ind1=" " ind2=" " tag="041"><subfield code="a">fre</subfield></datafield><datafield ind1=" " ind2=" " tag="080"><subfield code="a">539.126:539.172.5(043)</subfield></datafield><datafield ind1="1" ind2=" " tag="100"><subfield code="a">Ernwein, Jean</subfield></datafield><datafield ind1="1" ind2="0" tag="245"><subfield code="a">Etude de deux modes de desintegration du meson niu-&gt;gammagamma(958): 1.rapport d'embranchement du mode niu -&gt;gammagamma. 2. conservation de la conjugaison de charge dans la desintegration niu -&gt;pi+pi-gamma</subfield><subfield code="b">These</subfield><subfield code="c">Jean ernwein</subfield></datafield><datafield ind1=" " ind2=" " tag="260"><subfield code="a">Orsay</subfield><subfield code="b">Universite Paris-sud</subfield><subfield code="c">1979</subfield></datafield><datafield ind1=" " ind2=" " tag="300"><subfield code="a">IV + 118 P. + 51 FIG</subfield></datafield><datafield ind1=" " ind2=" " tag="852"><subfield code="a">70578</subfield><subfield code="c">539.12</subfield></datafield><datafield ind1=" " ind2=" " tag="CAT"><subfield code="a">Sys</subfield><subfield code="c">20111209</subfield><subfield code="h">095123</subfield></datafield></record></collection>